% Encoding: UTF-8


@Book{Abadi2016TensorFlow,
  title  = {TensorFlow: Large-Scale Machine Learning on Heterogeneous Distributed Systems},
  year   = {2016},
  author = {Abadi, Martin and Agarwal, Ashish and Barham, Paul and Brevdo, Eugene and Chen, Zhifeng and Citro, Craig and Corrado, Greg S and Davis, Andy and Dean, Jeffrey and Devin, Matthieu},
  type   = {Book},
}


